<record><leader>00000cas a2200000 a 4500</leader><controlfield tag="001">10338668</controlfield><controlfield tag="008">840125d18341842kyudn ne      0    0eng  </controlfield><datafield ind1=" " ind2=" " tag="010"><subfield code="a">sn 84020095 </subfield></datafield><datafield ind1=" " ind2=" " tag="040"><subfield code="a">DLC</subfield><subfield code="b">eng</subfield><subfield code="c">DLC</subfield><subfield code="d">NPX</subfield><subfield code="d">KNP</subfield><subfield code="d">DLC</subfield><subfield code="d">KNP</subfield><subfield code="d">CNW</subfield><subfield code="d">NVF</subfield><subfield code="d">CVF</subfield><subfield code="d">OCL</subfield><subfield code="d">CUI</subfield><subfield code="d">OCLCQ</subfield><subfield code="d">OCLCF</subfield></datafield><datafield ind1="1" ind2=" " tag="029"><subfield code="a">AU@</subfield><subfield code="b">000003120341</subfield></datafield><datafield ind1=" " ind2=" " tag="042"><subfield code="a">pcc</subfield></datafield><datafield ind1=" " ind2=" " tag="043"><subfield code="a">n-us-ky</subfield></datafield><datafield ind1="0" ind2="0" tag="050"><subfield code="a">Newspaper 7885-X</subfield></datafield><datafield ind1=" " ind2="4" tag="050"><subfield code="a">AN</subfield></datafield><datafield ind1="0" ind2=" " tag="130"><subfield code="a">Louisville public advertiser (Louisville, Ky. : 1834)</subfield></datafield><datafield ind1="1" ind2="0" tag="245"><subfield code="a">Louisville public advertiser.</subfield></datafield><datafield ind1="1" ind2="3" tag="246"><subfield code="a">Public advertiser</subfield></datafield><datafield ind1="3" ind2="0" tag="246"><subfield code="a">Louisville advertiser</subfield></datafield><datafield ind1=" " ind2=" " tag="260"><subfield code="a">Louisville, Ky. :</subfield><subfield code="b">S. Penn, Jr.,</subfield><subfield code="c">1834-</subfield></datafield><datafield ind1=" " ind2=" " tag="300"><subfield code="a">v. ;</subfield><subfield code="c">59-68 cm.</subfield></datafield><datafield ind1=" " ind2=" " tag="310"><subfield code="a">Daily (except Sunday)</subfield></datafield><datafield ind1="0" ind2=" " tag="362"><subfield code="a">Vol. 16, no. 2594 (July 28, 1834)-v. 23 (June 30, 1842).</subfield></datafield><datafield ind1=" " ind2=" " tag="500"><subfield code="a">Published as: Louisville advertiser, &lt;April 1&gt;-April 16, 1842.</subfield></datafield><datafield ind1=" " ind2=" " tag="580"><subfield code="a">Weekly ed.: Louisville public advertiser (Louisville, Ky. : 1828), 1828-&lt;1842&gt;.</subfield></datafield><datafield ind1=" " ind2=" " tag="580"><subfield code="a">Triweekly eds.: Advertiser (Louisville, Ky. : 1832), 1834-&lt;1835&gt;, and: Public advertiser (Louisville, Ky. : 1836), &lt;1836-1838&gt;.</subfield></datafield><datafield ind1=" " ind2=" " tag="580"><subfield code="a">Semiweekly ed.: Louisville public advertiser (Louisville, Ky. : Semiweekly), &lt;1839&gt;.</subfield></datafield><datafield ind1=" " ind2="0" tag="651"><subfield code="a">Louisville (Ky.)</subfield><subfield code="v">Newspapers.</subfield></datafield><datafield ind1=" " ind2="0" tag="651"><subfield code="a">Jefferson County (Ky.)</subfield><subfield code="v">Newspapers.</subfield></datafield><datafield ind1=" " ind2="7" tag="655"><subfield code="a">Newspapers.</subfield><subfield code="2">fast</subfield><subfield code="0">(OCoLC)fst01423814</subfield></datafield><datafield ind1=" " ind2="7" tag="651"><subfield code="a">Kentucky</subfield><subfield code="z">Jefferson County.</subfield><subfield code="2">fast</subfield><subfield code="0">(OCoLC)fst01205464</subfield></datafield><datafield ind1=" " ind2="7" tag="651"><subfield code="a">Kentucky</subfield><subfield code="z">Louisville.</subfield><subfield code="2">fast</subfield><subfield code="0">(OCoLC)fst01204602</subfield></datafield><datafield ind1=" " ind2=" " tag="752"><subfield code="a">United States</subfield><subfield code="b">Kentucky</subfield><subfield code="c">Jefferson</subfield><subfield code="d">Louisville.</subfield></datafield><datafield ind1="1" ind2=" " tag="775"><subfield code="a">Advertiser (Louisville, Ky. : 1832)</subfield><subfield code="w">(DLC)sn 94053102</subfield><subfield code="w">(OCoLC)30627972</subfield></datafield><datafield ind1="1" ind2=" " tag="775"><subfield code="t">Louisville public advertiser (Louisville, Ky. : 1828)</subfield><subfield code="w">(DLC)sn 82014631</subfield><subfield code="w">(OCoLC)8800803</subfield></datafield><datafield ind1="1" ind2=" " tag="775"><subfield code="t">Louisville public advertiser (Louisville, Ky. : Semiweekly)</subfield><subfield code="w">(DLC)sn 90099403</subfield></datafield><datafield ind1="0" ind2="8" tag="776"><subfield code="i">Online version:</subfield><subfield code="t">Louisville public advertiser (Louisville, Ky. : 1834 : Online)</subfield><subfield code="w">(OCoLC)652503429</subfield></datafield><datafield ind1="0" ind2="0" tag="780"><subfield code="t">Daily Louisville public advertiser</subfield><subfield code="w">(DLC)sn 83016365</subfield><subfield code="w">(OCoLC)9772675</subfield></datafield><datafield ind1="0" ind2="0" tag="785"><subfield code="t">Louisville sun</subfield></datafield></record>